<?xml version="1.0" encoding="UTF-8"?><collection xmlns="http://www.loc.gov/MARC21/slim"><record><leader>00542nam--2200181-i-4500</leader><controlfield tag="001">000029604</controlfield><controlfield tag="002">20161230</controlfield><controlfield tag="005">20161230201037</controlfield><controlfield tag="008">060222s1000------------r-----000-0-fre-d</controlfield><datafield ind1=" " ind2=" " tag="040"><subfield code="a">IFIN-HH</subfield></datafield><datafield ind1=" " ind2=" " tag="041"><subfield code="a">fre</subfield></datafield><datafield ind1=" " ind2=" " tag="080"><subfield code="a">539.12.162.8:539.172.5(043)</subfield></datafield><datafield ind1="1" ind2=" " tag="100"><subfield code="a">Laffaille,  Jean-michel</subfield></datafield><datafield ind1="1" ind2="0" tag="245"><subfield code="a">Etude des reactions inclusive dans les interactions k p a 70 gev/c</subfield><subfield code="b">These</subfield><subfield code="c">Jean-michel laffaille</subfield></datafield><datafield ind1=" " ind2=" " tag="260"><subfield code="a">Paris</subfield><subfield code="b">Univertsite Pierre Et Marie Curie</subfield><subfield code="c">1981</subfield></datafield><datafield ind1=" " ind2=" " tag="300"><subfield code="a">218P</subfield></datafield><datafield ind1=" " ind2=" " tag="852"><subfield code="a">71812</subfield><subfield code="c">539.17</subfield></datafield><datafield ind1=" " ind2=" " tag="CAT"><subfield code="a">Sys</subfield><subfield code="c">20120622</subfield><subfield code="h">094547</subfield></datafield></record></collection>